[gd_scene load_steps=14 format=2]

[ext_resource path="res://Engine/GameObjects/Core/Trigger/DamageArea/DamageArea.tscn" type="PackedScene" id=1]
[ext_resource path="res://Game/Enemies/Toriri/Toriri.gd" type="Script" id=2]
[ext_resource path="res://Engine/ParticleSystems/Spawn/SpawnParticles.tscn" type="PackedScene" id=3]
[ext_resource path="res://Game/Enemies/Toriri/ActivationArea.gd" type="Script" id=4]
[ext_resource path="res://ModelResources/SonicHeroes/Models/Falco/Falco.obj" type="ArrayMesh" id=5]
[ext_resource path="res://Engine/BaiscMaterial/ShadowDecal.material" type="Material" id=6]
[ext_resource path="res://Game/Enemies/Toriri/Material/ToririDetails.material" type="Material" id=7]
[ext_resource path="res://Game/Enemies/Toriri/Material/ToririBody.material" type="Material" id=8]
[ext_resource path="res://Game/Enemies/Toriri/Material/ToriToriFire.material" type="Material" id=9]

[sub_resource type="CubeMesh" id=1]

[sub_resource type="CapsuleShape" id=2]
radius = 0.24
height = 0.6

[sub_resource type="BoxShape" id=3]
extents = Vector3( 0.7, 0.1, 0.1 )

[sub_resource type="SphereShape" id=4]
radius = 12.0

[node name="Toriri" type="Spatial" groups=[
"ENEMY",
]]
script = ExtResource( 2 )

[node name="Model" type="MeshInstance" parent="."]
mesh = ExtResource( 5 )
material/0 = ExtResource( 9 )
material/1 = ExtResource( 9 )
material/2 = ExtResource( 9 )
material/3 = ExtResource( 9 )
material/4 = ExtResource( 7 )
material/5 = ExtResource( 8 )
material/6 = ExtResource( 8 )
material/7 = ExtResource( 8 )
material/8 = ExtResource( 8 )
material/9 = ExtResource( 8 )
material/10 = ExtResource( 7 )
material/11 = ExtResource( 8 )
material/12 = ExtResource( 8 )

[node name="Shadow" type="MeshInstance" parent="Model"]
transform = Transform( 0.2, 0, 0, 0, -8.74228e-09, -0.5, 0, 0.2, -2.18557e-08, 0, -0.8, 0 )
cast_shadow = 0
mesh = SubResource( 1 )
material/0 = ExtResource( 6 )

[node name="DamageArea" parent="." instance=ExtResource( 1 )]
collision_mask = 192
kamikaze = true

[node name="CollisionShape" type="CollisionShape" parent="DamageArea"]
transform = Transform( 1, 0, 0, 0, 1, 0, 0, 0, 1, 0, -0.1, 0 )
shape = SubResource( 2 )

[node name="CollisionShape2" type="CollisionShape" parent="DamageArea"]
transform = Transform( 1, 0, 0, 0, 1, 0, 0, 0, 1, 0, -0.1, 0 )
shape = SubResource( 3 )

[node name="ActivationArea" type="Area" parent="."]
monitoring = false
collision_layer = 0
collision_mask = 256
script = ExtResource( 4 )

[node name="CollisionShape" type="CollisionShape" parent="ActivationArea"]
shape = SubResource( 4 )

[node name="Tween" type="Tween" parent="."]

[node name="PostExplosionTimer" type="Timer" parent="."]
wait_time = 1.5
one_shot = true

[node name="RespawnTimer" type="Timer" parent="."]
one_shot = true

[node name="SpawnParticles" parent="." instance=ExtResource( 3 )]

[connection signal="tween_all_completed" from="Tween" to="." method="_on_Tween_tween_all_completed"]
[connection signal="timeout" from="PostExplosionTimer" to="." method="_on_PostExplosionTimer_timeout"]
[connection signal="timeout" from="RespawnTimer" to="." method="_on_RespawnTimer_timeout"]
